<?xml version="1.0" encoding="UTF-8"?><collection xmlns="http://www.loc.gov/MARC21/slim"><record><leader>00375nam--2200133-i-4500</leader><controlfield tag="001">000005731</controlfield><controlfield tag="002">20161230</controlfield><controlfield tag="005">20161230201026</controlfield><controlfield tag="008">060222s1000------------r-----000-0-eng-d</controlfield><datafield ind1=" " ind2=" " tag="100"><subfield code="a">Becher, Paul</subfield></datafield><datafield ind1=" " ind2=" " tag="245"><subfield code="a">Emulsion: theory and practice</subfield></datafield><datafield ind1=" " ind2=" " tag="260"><subfield code="a">New York, Reinhold Publishing Corp., 1957 Ix + 382 P</subfield></datafield><datafield ind1=" " ind2=" " tag="490"><subfield code="a">American Chemical Society. Monograph Series</subfield></datafield><datafield ind1=" " ind2=" " tag="852"><subfield code="a">16991</subfield></datafield></record></collection>